<record><leader>00000cas a22000007a 4500</leader><controlfield tag="001">39034455</controlfield><controlfield tag="008">980429d19461947cauwr ne      0    0eng d</controlfield><datafield ind1=" " ind2=" " tag="010"><subfield code="a">sn 98061585 </subfield></datafield><datafield ind1=" " ind2=" " tag="040"><subfield code="a">CNK</subfield><subfield code="b">eng</subfield><subfield code="c">CNK</subfield><subfield code="d">OCLCQ</subfield><subfield code="d">OCLCF</subfield><subfield code="d">OCLCO</subfield></datafield><datafield ind1="1" ind2=" " tag="029"><subfield code="a">AU@</subfield><subfield code="b">000013963812</subfield></datafield><datafield ind1=" " ind2=" " tag="042"><subfield code="a">msc</subfield></datafield><datafield ind1=" " ind2=" " tag="043"><subfield code="a">n-us-ca</subfield></datafield><datafield ind1="0" ind2=" " tag="130"><subfield code="a">Compass (Coronado, Calif.)</subfield></datafield><datafield ind1="1" ind2="4" tag="245"><subfield code="a">The compass.</subfield></datafield><datafield ind1=" " ind2=" " tag="260"><subfield code="a">Coronado [Calif.] :</subfield><subfield code="b">Richard M. Riddell</subfield></datafield><datafield ind1=" " ind2=" " tag="300"><subfield code="a">v.</subfield></datafield><datafield ind1=" " ind2=" " tag="310"><subfield code="a">Weekly</subfield></datafield><datafield ind1="0" ind2=" " tag="362"><subfield code="a">Vol. 1, no. 1 (Oct. 31, 1946)-v. 2, no. 22 (May 29, 1947).</subfield></datafield><datafield ind1=" " ind2="0" tag="651"><subfield code="a">Coronado (Calif.)</subfield><subfield code="v">Newspapers.</subfield></datafield><datafield ind1=" " ind2="7" tag="655"><subfield code="a">Newspapers.</subfield><subfield code="2">fast</subfield><subfield code="0">(OCoLC)fst01423814</subfield></datafield><datafield ind1=" " ind2="7" tag="651"><subfield code="a">California</subfield><subfield code="z">Coronado.</subfield><subfield code="2">fast</subfield><subfield code="0">(OCoLC)fst01209748</subfield></datafield><datafield ind1=" " ind2=" " tag="752"><subfield code="a">United States</subfield><subfield code="b">California</subfield><subfield code="c">San Diego</subfield><subfield code="d">Coronado.</subfield></datafield><datafield ind1="0" ind2="0" tag="785"><subfield code="t">Coronado compass</subfield><subfield code="w">(DLC)sn 95062080</subfield></datafield></record>